@misc{BTC,
  author = "Satoshi Nakomoto",
  title = "{Bitcoin: A Peer-to-Peer Electronic Cash System}"
}

@misc{hashrate,
	author = "Blockchain.info",
	title = "https://blockchain.info/charts/hash-rate",
	month = may,
	year = 2018
}
@misc{confirmationtime,
	author = "Blockchchain.info",
	title = "https://blockchain.info/charts/avg-confirmation-time",
	month = may,
	year = 2018
}

@misc{pricechart,
	author = "Coinmarketcap",
	title = "https://coinmarketcap.com/currencies/bitcoin/",
	month = may,
	year = 2018
}
@misc{cryptolist,
	author = "Coinmarketcap",
	title = "https://coinmarketcap.com/",
	month = may,
	year = 2018
}
@misc{vader,
	author = "C.J.Hutto, Eric Gilbert",
	title = "VADER: A Parsimonious Rule-based Model for Sentiment Analysis of Social Media Text",
	institution = "Georgia Institute of Technology",
	year = 2014
}
@misc{related1,
	author = "Evita Stenqvist, Jacob Loennoe",
	title = "Predicting Bitcoin price fluctuation with Twitter sentiment analysis",
	institution = "KTH Royal Institute of Technology",
	month = jun,
	year = 2017
}

@misc{related2,
	author = "Stuart Colianni, Stephanie Rosales, and Michael Signorotti",
	title = "Algorithmic Trading of Cryptocurrency Based on Twitter Sentiment Analysis"
}

@misc{textprocessingfaq,
	author = "Text-Processing.com FAQ",
	title = "http://text-processing.com/docs/faq.html",
	month = may,
	year = 2018
}
@misc{twitterstandardsearch,
	author = "Official Twitter API",
	title = "https://developer.twitter.com/en/docs/tweets/search/overview/standard",
	month = may,
	year = 2018
}
@misc{getoldtweets,
	author = "Jefferson-Henrique",
	title = "https://github.com/Jefferson-Henrique/GetOldTweets-python",
	month = apr,
	year = 2018
}
@misc{tweepy,
	author = "Tweepy",
	title = "http://www.tweepy.org/",
	month = may,
	year = 2018
}
@misc{arubacloud,
	author = "Aruba Cloud",
	title = "https://www.arubacloud.com/",
	month = may,
	year = 2018
}
@misc{vadergit,
	author = "Vader Github repository",
	title = "https://github.com/cjhutto/vaderSentiment",
	month = march,
	year = 2018
}

@misc{pythonkfold,
	author = "Python Library (KFold)",
	title = "http://scikit-learn.org/stable/modules/classes.html\#module-sklearn",
	year = 2018
}


@misc{mllecturenotes,
	author = "Herbert Jaeger",
	institution = "Jacobs University",
	title = "Machine Learning Lecture notes",
	year = 2018,
	month = May,
	chapter = 6
}

@misc{numpy,
	author = "Numpy Python Library",
	title = "http://www.numpy.org/",
	year = 2018
}


@misc{cryptolexicon,
	author = "Business Insider",
	title = "https://www.businessinsider.de/cryptocurrency-bitcoin-slang-explained-2018-4?r=US\&IR=T",
	month = may,
	year = 2018
}


@misc{whales,
	author = "BTCMANAGER",
	title = "https://btcmanager.com/what-are-whales-how-do-they-affect-cryptocurrencies/",
	month = jan,
	year = 2018
}

@misc{matplotlib,
	author = "Matplotlib python library",
	title = "https://matplotlib.org/",
	month = may,
	year = 2018
}
